<record xmlns="http://www.loc.gov/MARC21/slim" xmlns:xsi="http://www.w3.org/2001/XMLSchema-instance" xsi:schemaLocation="http://www.loc.gov/MARC21/slim http://www.loc.gov/standards/marcxml/schema/MARC21slim.xsd">

  <leader>01631nam a2200361Ia 4500</leader>
  <datafield ind1=" " ind2=" " tag="999">
    <subfield code="c">1448</subfield>
    <subfield code="d">1448</subfield>
  </datafield>
  <controlfield tag="008">171024b2010    cr ||||| |||| 00| | spa d</controlfield>
  <datafield ind1=" " ind2=" " tag="090">
    <subfield code="a">06.02.01 </subfield>
    <subfield code="b">1512 CD #210</subfield>
  </datafield>
  <datafield tag="100" ind1="1" ind2=" ">
    <subfield code="a">Castro Bonilla, Julieta</subfield>
    <subfield code="9">1082</subfield>
  </datafield>
  <datafield ind2="0" ind1="1" tag="245">
    <subfield code="a">Proceso de capacitación en diversas áreas del conocimiento, una oferta académica al sistema educativo costarricense, a través del Instituto Profesional Udalislao Gámez Solano / </subfield>
    <subfield code="c">Julieta Castro Bonilla; Sara Gamboa; Wendy Páez Cerdas; Teresita Cordero Cordero; Jacqueline García Fallas; María Díaz Madrigal; Lupita Chaves Salas; Carmen Cubero Venegas; Osvaldo Murillo; Teresita Ramellini; Silvia Meza; Adriana Rodríguez; Alvaro Fernández; Yanury Chaves; Yirlany Navarro Valverde; Jazmín G. Aguero Castillo; Raziel Acevedo; Nuria Mairena.</subfield>
  </datafield>
  <datafield ind2=" " ind1=" " tag="260">
    <subfield code="a">San José, Costa Rica :</subfield>
    <subfield code="b">INIE, </subfield>
    <subfield code="c">2010</subfield>
  </datafield>
  <datafield ind2=" " ind1=" " tag="300">
    <subfield code="a">100 páginas</subfield>
  </datafield>
  <datafield ind1=" " ind2=" " tag="500">
    <subfield code="a">Informe proyecto de Acción Social ED-2617</subfield>
  </datafield>
  <datafield ind1=" " ind2=" " tag="500">
    <subfield code="a">La Unidad posee informe 2011</subfield>
  </datafield>
  <datafield tag="610" ind2="4" ind1=" ">
    <subfield code="a">INSTITUTO PROFESIONAL ULADISLAO GAMEZ SOLANO</subfield>
    <subfield code="9">3244</subfield>
  </datafield>
  <datafield ind2="4" ind1="1" tag="650">
    <subfield code="a">CAPACITACIÓN</subfield>
    <subfield code="9">729</subfield>
  </datafield>
  <datafield tag="700" ind2=" " ind1="1">
    <subfield code="a">Gamboa Umaña, Sara</subfield>
    <subfield code="9">1399</subfield>
  </datafield>
  <datafield ind2=" " ind1="1" tag="700">
    <subfield code="a"> Páez Cerdas, Wendy</subfield>
    <subfield code="9">154</subfield>
  </datafield>
  <datafield tag="700" ind1="1" ind2=" ">
    <subfield code="a">Cordero Cordero, Teresita </subfield>
    <subfield code="9">715</subfield>
  </datafield>
  <datafield tag="700" ind1="1" ind2=" ">
    <subfield code="a">García Fallas, Jacqueline</subfield>
    <subfield code="9">759</subfield>
  </datafield>
  <datafield tag="700" ind2=" " ind1="1">
    <subfield code="a">Díaz Madrigal, María</subfield>
    <subfield code="9">1438</subfield>
  </datafield>
  <datafield ind2=" " ind1="1" tag="700">
    <subfield code="a">Chaves Salas, Ana Lupita</subfield>
    <subfield code="9">255</subfield>
  </datafield>
  <datafield ind2=" " ind1="1" tag="700">
    <subfield code="a">Cubero Venegas, Carmen María</subfield>
    <subfield code="9">708</subfield>
  </datafield>
  <datafield tag="700" ind2=" " ind1="1">
    <subfield code="a">Murillo Aguilar, Osvaldo </subfield>
    <subfield code="9">155</subfield>
  </datafield>
  <datafield tag="700" ind2=" " ind1="1">
    <subfield code="a">Ramellini Centella, Teresita</subfield>
    <subfield code="9">3061</subfield>
  </datafield>
  <datafield ind2=" " ind1="1" tag="700">
    <subfield code="a">Mesa Peluffo, Sylvia</subfield>
    <subfield code="9">3062</subfield>
  </datafield>
  <datafield ind2=" " ind1="1" tag="700">
    <subfield code="a">Rodríguez Fernández, Adriana</subfield>
    <subfield code="9">3245</subfield>
  </datafield>
  <datafield tag="700" ind1="1" ind2=" ">
    <subfield code="a">Fernández, Álvaro</subfield>
    <subfield code="9">3246</subfield>
  </datafield>
  <datafield ind2=" " ind1="1" tag="700">
    <subfield code="a">Chaves, Yanury</subfield>
    <subfield code="9">3247</subfield>
  </datafield>
  <datafield ind1="1" ind2=" " tag="700">
    <subfield code="a">Navarro Valverde, Yirlany </subfield>
    <subfield code="9">3248</subfield>
  </datafield>
  <datafield ind2=" " ind1="1" tag="700">
    <subfield code="9">3249</subfield>
    <subfield code="a">Agüero Castillo, Jazmín G.</subfield>
  </datafield>
  <datafield tag="700" ind2=" " ind1="1">
    <subfield code="a">Acevedo Álvarez, Raziel</subfield>
    <subfield code="9">1125</subfield>
  </datafield>
  <datafield tag="700" ind2=" " ind1="1">
    <subfield code="a">Mairena, Nuria </subfield>
    <subfield code="9">3250</subfield>
  </datafield>
  <datafield tag="942" ind1=" " ind2=" ">
    <subfield code="2">z</subfield>
    <subfield code="c">04</subfield>
  </datafield>
</record>